<?xml version="1.0" encoding="UTF-8"?><collection xmlns="http://www.loc.gov/MARC21/slim"><record><leader>00477nam--2200181-i-4500</leader><controlfield tag="001">000043020</controlfield><controlfield tag="002">20161230</controlfield><controlfield tag="005">20161230201043</controlfield><controlfield tag="008">060222s1000------------r-----000-0-rum-d</controlfield><datafield ind1=" " ind2=" " tag="040"><subfield code="a">IFIN-HH</subfield></datafield><datafield ind1=" " ind2=" " tag="041"><subfield code="a">rum</subfield></datafield><datafield ind1=" " ind2=" " tag="080"><subfield code="a">621.396.11.029.2</subfield></datafield><datafield ind1="1" ind2=" " tag="100"><subfield code="a">Haikin, S. E</subfield></datafield><datafield ind1="1" ind2="0" tag="245"><subfield code="a">Oscilatii intretinute</subfield><subfield code="b">Traducere din limba rusa</subfield><subfield code="c">S.E. Haikin</subfield></datafield><datafield ind1=" " ind2=" " tag="260"><subfield code="a">Bucuresti</subfield><subfield code="b">Editrua Energetica de Stat</subfield><subfield code="c">1963</subfield></datafield><datafield ind1=" " ind2=" " tag="300"><subfield code="a">133p</subfield></datafield><datafield ind1=" " ind2=" " tag="852"><subfield code="a">3822</subfield><subfield code="c">534</subfield></datafield><datafield ind1=" " ind2=" " tag="CAT"><subfield code="a">Sys</subfield><subfield code="c">20101005</subfield><subfield code="h">131518</subfield></datafield></record></collection>